<?xml version="1.0" encoding="UTF-8"?><collection xmlns="http://www.loc.gov/MARC21/slim"><record><leader>00404nam--2200157-i-4500</leader><controlfield tag="001">000011410</controlfield><controlfield tag="002">20161230</controlfield><controlfield tag="005">20170208154422</controlfield><controlfield tag="008">060222s1000------------r-----000-0-eng-d</controlfield><datafield ind1=" " ind2=" " tag="100"><subfield code="a">Coulson, C. A</subfield></datafield><datafield ind1=" " ind2=" " tag="245"><subfield code="a">The shape and structure of molecules</subfield></datafield><datafield ind1=" " ind2=" " tag="260"><subfield code="a">Oxford</subfield><subfield code="b">Clarendon Press</subfield><subfield code="c">1973</subfield></datafield><datafield ind1=" " ind2=" " tag="300"><subfield code="a">85 p</subfield></datafield><datafield ind1=" " ind2=" " tag="490"><subfield code="a">Oxford Chemistry Series</subfield></datafield><datafield ind1=" " ind2=" " tag="852"><subfield code="a">539.19:541</subfield></datafield><datafield ind1=" " ind2=" " tag="CAT"><subfield code="a">SYS</subfield><subfield code="c">20170208</subfield><subfield code="h">154422</subfield></datafield></record></collection>